@BOOK{NTP:1,
HOWPUBLISHED="\url{https://en.wikipedia.org/wiki/Network_Time_Protocol}",
TITLE="NTP protocol Wikiperdia"
}