% Encoding: UTF-8

@Misc{gaussianBlur,
  author  = {Fisher, R. and Perkins, S. and Walker, A and Wolfart, E},
  title   = {Gaussian Smoothing},
  year    = {2003},
  journal = {Spatial Filters - Gaussian Smoothing},
  url     = {http://homepages.inf.ed.ac.uk/rbf/HIPR2/gsmooth.htm},
}

@Comment{jabref-meta: databaseType:bibtex;}
