@ARTICLE{NTP:1,
HOWPUBLISHED="\url{https://en.wikipedia.org/wiki/Network_Time_Protocol}",
TITLE="NTP protocol Wikipedia"
}

@misc{requestFrameDocs,
	author= {{Mozilla}},
	year  = {2020},
	title = {Window.requestAnimationFrame()},
	note  = {\url{https://developer.mozilla.org/en-US/docs/Web/API/window/requestAnimationFrame}, 
	Last accessed on 08-02-2020},
}

@misc{stackoverflow,
	author= {{StackOverflow}},
	year  = {2019},
	title = {Sprite sheet van StackOverflow},
	note  = {\url{https://stackoverflow.com/questions/9486961/animated-image-with-javascript}, 
	Last accessed on 10-03-2020},
}

@misc{improvePerformance,
	author= {{Craig Buckler}},
	year  = {2015},
	title = {10 Ways to Minimize Reflows and Improve Performance},
	note  = {\url{https://www.sitepoint.com/10-ways-minimize-reflows-improve-performance/}, 
	Last accessed on 09-02-2020},
}

@misc{testDrift,
	author= {{cTn-dev}},
	year  = {2018},
	title = {setInterval keeps drifting over time},
	note  = {\url{https://github.com/nodejs/node/issues/21822}, 
	Last accessed on 08-02-2020}
}

@MISC{frameDrop:img,
	author = {{Paul Lewis}},
	title = {Optimize JavaScript Execution},
	year = {2019},
	note  = {\url{https://developers.google.com/web/fundamentals/performance/rendering/optimize-javascript-execution}, 
	Last accessed on 08-02-2020}
}
