@misc{socketio,
  author = {Socket IO},
  title     = "socketio",
  howpublished = "\url{https://socket.io/}",
  note = {Accessed: 2019-10-14}
}


@misc{website:wikibooks-biblio,
      author = "Wikibooks",
      title = "{\LaTeX}/{B}ibliography Management",
      month = oct,
      year = 2013,
      note = "\url{http://en.wikibooks.org/wiki/LaTeX/Bibliography_Management}"
}

@misc{website:batterylife,
  key = {Car Phone Warehouse},
  title = {Tips to boost your phone's battery life},
  howpublished = {\url{https://lowdown.carphonewarehouse.com/how-to/tips-to-boost-your-phones-battery-life/39474/}},
  note = {Accessed: 2018-10-20}
}

@misc{website:facerecognizer,
    key = {Facerecognizer},
	title = {facerecognizer.js},
	howpublished = {\url{https://norealurl.com/facerecognizer.js}},
	note = {Accessed: 2018-10-15}
}

@misc{website:wow,
    author = {Statista},
	title = {Number of World of Warcraft ({WoW}) subscribers from 2015 to 2023 (in millions)},
	howpublished = {\url{https://www.statista.com/statistics/276601/number-of-world-of-warcraft-subscribers-by-quarter/}},
	note = {Accessed: 2018-10-24}
}

@misc{website:facealignment,
    author = {Learn OpenCV (Big Vision LLC)},
	title = {Average Faces of FIFA World Cup 2018},
	howpublished = {\url{https://www.learnopencv.com/tag/face-alignment/}},
	note = {Accessed: 2018-10-31}
}

@misc{website:pokemongo,
    author = {BengelMedia},
	title = {{P}ok√©mon {G}o: Hype of trend?},
	howpublished = {\url{https://bengelmedia.nl/nl/pokemon-go-hype-of-trend}},
	note = {Accessed: 2018-10-24}
}

@techreport{amos2016openface,
	title={OpenFace: A general-purpose face recognition library with mobile applications},
	author={Amos, Brandon and Bartosz Ludwiczuk and Satyanarayanan, Mahadev},
	year={2016},
	institution={CMU-CS-16-118, CMU School of Computer Science}
}

@TechReport{LFWTech,
	author =       {Huang, Gary B. and Ramesh, Manu and Berg, Tamara and 
	Learned-Miller, Erik},
	title =        {Labeled Faces in the Wild: A Database for Studying 
	Face Recognition in Unconstrained Environments},
	institution =  {University of Massachusetts, Amherst},
	year =         2007,
	number =       {07-49},
	month =        oct}

@article{nuyens:2018,
	title={A new way to calculate similarities},
	author={Nuyens, Dirk},
	journal={Recent Advances in Biometrics, RAB},
	volume={2},
	pages={23--40},
	year=2018
}

@article{jacobs:2015,
	title={The best distance metric for face authentication},
	author={Jacobs, Bart},
	journal={Yet another journal on biometrics, YJB},
	volume={2},
	pages={33--55},
	year=2015
}

@article{vanhamme:1991,
	title={A first biometrics system},
	author={Simeone, Adalberto},
	journal={Signal processing journal, SPJ},
	volume={1},
	pages={10--18},
	year=1991
}

@article{vanbuggenhout,
	title={Face morphing: morphing faces},
	author={Van Buggenhout, N.},
	journal={Signal processing journal, SPJ},
	volume={4},
	pages={2--8},
	year=2013
}

@misc{website:state-of-js:2018,
  author = {Greif, Sacha and Benitte, Raphael and Rambeau, Michael},
  title = {The State of {J}ava{S}cript 2018},
  year = 2018,
  howpublished = {\url{https://2018.stateofjs.com}},
  note = {Accessed: 2018-11-26}
}

@misc{website:serialization,
  title = {Serialization},
  howpublished = {\url{https://en.wikipedia.org/wiki/Serialization}}
}

@misc{website:webrtc,
  title = {WebRTC},
  howpublished = {\url{https://webrtc.org}}
}

@misc{website:namespaces,
  author = {Socket IO},
  title = {Rooms and Namespaces},
  howpublished = {\url{https://socket.io/docs/rooms-and-namespaces/}},
  note = {Accessed: 2019-10-14}
}

@misc{website:socketio-clients,
  author = {Socket IO},
  title = {Server API},
  howpublished = {\url{https://socket.io/docs/server-api/#namespace-clients-callback}},
  note = {Accessed: 2019-10-14}
}