% Encoding: UTF-8

@Misc{Bowyer-WatsonWiki,
  title        = {Bowyer-Watson algorithm},
  howpublished = {\url{https://en.wikipedia.org/wiki/Bowyer%E2%80%93Watson_algorithm}},
  month        = oct,
  year         = {2019},
  timestamp    = {2019-10-30},
  url          = {https://en.wikipedia.org/wiki/Bowyer%E2%80%93Watson_algorithm},
}

@Misc{delaunaywiki,
  title        = {Delaunay Triangulation},
  howpublished = {\url{https://en.wikipedia.org/wiki/Delaunay_triangulation}},
  month        = oct,
  year         = {2019},
  url          = {https://en.wikipedia.org/wiki/Delaunay_triangulation},
}

@Misc{catsprite,
  title        = {Kat sprite sheet},
  howpublished = {\url{https://docs.coronalabs.com/guide/media/spriteAnimation/index.html
}},
  month        = dec,
  year         = {2019},
  url          = {https://docs.coronalabs.com/guide/media/spriteAnimation/index.html},
}


@MastersThesis{Lund2014,
  author = {Erik Thune Lund},
  title  = {Implementing High-Performance Delaunay Triangulation In Java},
  school = {Department of Informatics, University of Oslo},
  year   = {2014},
  type   = {mathesis},
  url    = {https://www.duo.uio.no/bitstream/handle/10852/43535/delaunay_alg_performance.pdf?sequence=1},
}

@Misc{s-hull,
  author       = {David Sinclair},
  title        = {S-hull: a fast sweep-hull routine for Delaunay triangulation},
  howpublished = {\url{s-hull.org}},
  year         = {2010},
  url          = {s-hull.org},
}

@Book{toepMeetkunde,
  title     = {Toepassingen van meetkunde in de informatica},
  publisher = {Scientica Cursusdienst},
  year      = {2007},
  author    = {Dirk Roose},
  editor    = {Dirk Roose},
}

@TechReport{bowyer-watsonImplementation,
  author      = {Sloan, S.W. and Houlsby, G.T.},
  title       = {An implementation of Watson's algorithm for computing 2-dimensional Delaunay triangulations},
  institution = {Department of Civil Engineering, University of Newcastle and Department of Engineering Science, University of Oxford},
  year        = {1984},
  url         = {https://www.newcastle.edu.au/__data/assets/pdf_file/0018/22482/07_An-implementation-of-Watsons-algorithm-for-computing-two-dimensional-Delaunay-triangulations.pdf},
}

@Misc{projectiveTransformation,
  author       = {StackExchange},
  title        = {Finding the Transform matrix from 4 projected points (with Javascript)},
  howpublished = {\url{https://math.stackexchange.com/questions/296794/finding-the-transform-matrix-from-4-projected-points-with-javascript}},
  month        = nov,
  year         = {2019},
}

@Misc{introCSSTransforms,
  author       = {David DeSandro},
  title        = {Intro to CSS 3D transforms},
  howpublished = {\url{https://3dtransforms.desandro.com/}},
  month        = nov,
  year         = {2019},
}

@Misc{redrawImageFrom3dPerspectiveTo2d,
  author       = {stack overflow},
  title        = {Redraw image from 3d perspective to 2d},
  howpublished = {\url{https://stackoverflow.com/questions/14244032/redraw-image-from-3d-perspective-to-2d}},
  month        = nov,
  year         = {2019},
}

@Misc{perspectiveMatrix,
  author       = {scratchapixel},
  title        = {The Perspective and Orthographic Projection Matrix},
  howpublished = {\url{https://www.scratchapixel.com/lessons/3d-basic-rendering/perspective-and-orthographic-projection-matrix/building-basic-perspective-projection-matrix}},
  month        = nov,
  year         = {2019},
}

@Comment{jabref-meta: databaseType:bibtex;}
