% Encoding: UTF-8

@Misc{hslColorWheel,
  title        = {HSL color wheel},
  howpublished = {\url{https://www.quackit.com/pix/stock/color_wheel_hsl.png}},
  note         = {Geraadplaagd december 2019},
  url          = {https://www.quackit.com/pix/stock/color_wheel_hsl.png},
}

@inbook{inbook,
author = {Chavolla, Edgar and Zaldivar, Daniel and Cuevas, Erik and Cisneros, Marco},
year = {2018},
month = {01},
pages = {3-22},
title = {Color Spaces Advantages and Disadvantages in Image Color Clustering Segmentation},
isbn = {978-3-319-63753-2},
journal = {Studies in Computational Intelligence},
doi = {10.1007/978-3-319-63754-9_1}
}

@article{rasouli2017effect,
  title={The Effect of Color Space Selection on Detectability and Discriminability of Colored Objects},
  author={Rasouli, Amir and Tsotsos, John K},
  journal={arXiv preprint arXiv:1702.05421},
  year={2017}
}

@Comment{jabref-meta: databaseType:bibtex;}
