% Encoding: UTF-8

@Misc{map,
  author       = { Martin von Gager},
  title        = {Redraw image from 3d perspective to 2d},
  howpublished = {\url{https://stackoverflow.com/questions/14244032/redraw-image-from-3d-perspective-to-2d}},
  year         = {2016},
  url          = {https://stackoverflow.com/questions/14244032/redraw-image-from-3d-perspective-to-2d},
}


@Comment{jabref-meta: databaseType:bibtex;}
